@article {dalzell44,
    author = {Dalzell, Donald},
    title = {On 22/7},
    journal = {Journal of the London Mathematical Society},
    volume = {19},
    number = {75 Part 3},
    pages = {133--134},
    year = {1944},
    doi = {10.1112/jlms/19.75_part_3.133},
    mrnumber = {0013425},
    zbnumber = {0060.15306}
}

@article {ahmed02,
    AUTHOR = {Ahmed, Zafar},
    TITLE = {Definitely an integral},
    JOURNAL = {Amer. Math. Monthly},
    FJOURNAL = {American Mathematical Monthly},
    YEAR = {2002},
    VOLUME = {109},
    PAGES = {670-671},
}

@book {boros04,
    TITLE = {Irresistible Integrals: Symbolics, Analysis and Experiments in the Evaluation of Integrals},
    AUTHOR = {Boros, George and Moll, Victor},
    YEAR = {2004},
    PUBLISHER = {Cambridge University Press},
}

@article {dawson05,
    AUTHOR = {Dawson, Robert J.},
    TITLE = {On a singular integration technique of {P}oisson},
    JOURNAL = {Amer. Math. Monthly},
    FJOURNAL = {American Mathematical Monthly},
    YEAR = {2005},
    VOLUME = {112},
    PAGES = {270--272},
}

@article {lucas05,
    author = {Lucas, Stephen},
    title = {Integral proofs that $355/113 > \pi$},
    journal = {Australian Mathematical Society Gazette},
    volume = {32},
    number = {4},
    pages = {263--266},
    year = {2005},
    mrnumber = {2176249},
    zbnumber = {1181.11077},
    url = {https://www.austms.org.au/wp-content/uploads/Gazette/2005/Jul05/lucas.pdf}
}

@book {bailey07,
  author = {Bailey, D. H. and Borwein, J. M. and Calkin, N. J. and Girgensohn, R. and Luke, D. R. and Moll, V. H.},
  title = {Experimental Mathematics in Action},
  publisher = {A K Peters},
  address = {Wellesley, MA},
  year = {2007},
  isbn = {978-1-56881-271-7}
}

@book {wedrychowicz12,
    AUTHOR = {Banaś, Józef and Wędrychowicz, Stanisław},
    TITLE = {Zbiór zadań z analizy matematycznej},
    PUBLISHER = {Wydawnictwa Naukowo-Techniczne},
    YEAR = {2012},
}

@book {nahin15,
    AUTHOR = {Nahin, Paul J.},
    TITLE = {Inside interesting integrals (A collection of sneaky tricks, sly substitutions, and numerous other stupendously clever, awesomely wicked, and devilishly seductive maneuvers for computing nearly 200 perplexing definite integrals from physics, engineering, and mathematics plus 60 challenge problems with complete, detailed solutions)},
    PUBLISHER = {Springer},
    YEAR = {2015},
    SERIES = {Undergraduate Lecture Notes in Physics},
    ISBN = {978-1-4939-1276-6},
}

@book {valean19,
    AUTHOR = {Vălean, Cornel I.},
    TITLE = {Almost impossible integrals, sums and series},
    PUBLISHER = {Springer},
    YEAR = {2019},
    SERIES = {Problem Books in Mathematics},
    ISBN = {978-3-0300-2462-8},
}
